<record><leader>00000cas a22000007a 4500</leader><controlfield tag="001">14076708</controlfield><controlfield tag="008">860812c198u9999cauwr ne      0   a0eng d</controlfield><datafield ind1=" " ind2=" " tag="010"><subfield code="a">sn 86011488 </subfield></datafield><datafield ind1=" " ind2=" " tag="040"><subfield code="a">NSD</subfield><subfield code="b">eng</subfield><subfield code="c">NSD</subfield><subfield code="d">CNK</subfield><subfield code="d">OCLCQ</subfield></datafield><datafield ind1=" " ind2=" " tag="012"><subfield code="m">1</subfield></datafield><datafield ind1="1" ind2=" " tag="022"><subfield code="a">0889-8154</subfield><subfield code="l">0889-8154</subfield><subfield code="2">1</subfield></datafield><datafield ind1=" " ind2=" " tag="032"><subfield code="a">727510</subfield><subfield code="b">USPS</subfield></datafield><datafield ind1=" " ind2=" " tag="037"><subfield code="b">University City Light, 450 Pearl St., La Jolla, CA 92037</subfield></datafield><datafield ind1=" " ind2=" " tag="042"><subfield code="a">nsdp</subfield><subfield code="a">msc</subfield></datafield><datafield ind1=" " ind2="0" tag="222"><subfield code="a">University city light</subfield></datafield><datafield ind1="0" ind2="0" tag="245"><subfield code="a">University City light.</subfield></datafield><datafield ind1=" " ind2=" " tag="260"><subfield code="a">La Jolla, CA :</subfield><subfield code="b">La Jolla Pub. Co.</subfield></datafield><datafield ind1=" " ind2=" " tag="310"><subfield code="a">Weekly</subfield></datafield><datafield ind1=" " ind2=" " tag="588"><subfield code="a">Description based on: Vol. 2, no. 46 (July 31, 1986).</subfield></datafield><datafield ind1=" " ind2="4" tag="651"><subfield code="a">University City (San Diego, Calif.)</subfield><subfield code="v">Newspapers.</subfield></datafield><datafield ind1=" " ind2=" " tag="752"><subfield code="a">United States</subfield><subfield code="b">California</subfield><subfield code="c">San Diego</subfield><subfield code="d">San Diego.</subfield></datafield><datafield ind1="0" ind2="0" tag="780"><subfield code="t">Light II</subfield><subfield code="x">8750-2755</subfield></datafield><datafield ind1="1" ind2=" " tag="029"><subfield code="a">AU@</subfield><subfield code="b">000025792337</subfield></datafield></record>